%% This BibTeX bibliography file was created using BibDesk.
%% http://bibdesk.sourceforge.net/


%% Created for Simon Schmitt at 2011-07-24 14:44:59 +0200 


%% Saved with string encoding Unicode (UTF-8) 



@misc{online:rosopenni_camera,
	Date-Added = {2011-07-24 14:43:05 +0200},
	Date-Modified = {2011-07-24 14:43:05 +0200},
	Howpublished = {\url{http://www.ros.org/wiki/openni_camera}},
	Month = jul,
	Title = {OpenNI Camera Package},
	Year = {2011}}

@misc{Will:2011vn,
	Author = {Heiko Will and Stefan Pfeiffer and Stephan Adler and Thomas Hillebrandt and Jochen Schiller},
	Date-Added = {2011-07-16 17:52:51 +0200},
	Date-Modified = {2011-07-16 18:13:04 +0200},
	Institution = {Freie Universit\"at Berlin},
	Title = {Distance Measurement in Wireless Sensor Networks with Low Cost Components},
	Year = {2011},
	Bdsk-File-1 = {YnBsaXN0MDDUAQIDBAUIJidUJHRvcFgkb2JqZWN0c1gkdmVyc2lvblkkYXJjaGl2ZXLRBgdUcm9vdIABqAkKFRYXGyIjVSRudWxs0wsMDQ4RFFpOUy5vYmplY3RzV05TLmtleXNWJGNsYXNzog8QgASABqISE4ACgAOAB1lhbGlhc0RhdGFccmVsYXRpdmVQYXRo0hgNGRpXTlMuZGF0YU8RAdYAAAAAAdYAAgAADE1hY2ludG9zaCBIRAAAAAAAAAAAAAAAAAAAAMarmBZIKwAABt7pahIyMDExX0lQSU5fTG9uZy5wZGYAAAAAAAAAAAAAAAAAAAAAAAAAAAAAAAAAAAAAAAAAAAAAAAAAAAAAAAAAAAAGsUhyyji5/gAAAAAAAAAAAAEAAwAACSAAAAAAAAAAAAAAAAAAAAAFcGFwZXIAABAACAAAxqt79gAAABEACAAAyjid3gAAAAEAIAbe6WoG0wZwBtL5zAYDIwsGAyMIAAnoZwAJOOIAAJDnAAIAU01hY2ludG9zaCBIRDpVc2VyczpyaW1lc2ltZTpTdHVkaXVtOjExMTEgU1M6QkE6cmVwbzp0aGVzaXM6cGFwZXI6MjAxMV9JUElOX0xvbmcucGRmAAAOACYAEgAyADAAMQAxAF8ASQBQAEkATgBfAEwAbwBuAGcALgBwAGQAZgAPABoADABNAGEAYwBpAG4AdABvAHMAaAAgAEgARAASAEZ1c2Vycy9yaW1lc2ltZS9TdHVkaXVtLzExMTEgU1MvQkEvcmVwby90aGVzaXMvcGFwZXIvMjAxMV9JUElOX0xvbmcucGRmABMAAS8AABUAAgAP//8AAIAF0hwdHh9YJGNsYXNzZXNaJGNsYXNzbmFtZaMfICFdTlNNdXRhYmxlRGF0YVZOU0RhdGFYTlNPYmplY3RfEBhwYXBlci8yMDExX0lQSU5fTG9uZy5wZGbSHB0kJaIlIVxOU0RpY3Rpb25hcnkSAAGGoF8QD05TS2V5ZWRBcmNoaXZlcgAIABEAFgAfACgAMgA1ADoAPABFAEsAUgBdAGUAbABvAHEAcwB2AHgAegB8AIYAkwCYAKACegJ8AoECigKVApkCpwKuArcC0gLXAtoC5wLsAAAAAAAAAgEAAAAAAAAAKAAAAAAAAAAAAAAAAAAAAv4=}}

@misc{Quigley:2009kx,
	Author = {Morgan Quigley and Quigley, Morgan and Conley, Ken and Gerkey, Brian and Faust, Josh and Foote, Tully and Leibs, Jeremy and Wheeler, Rob and Ng, Andrew},
	Date-Added = {2011-07-16 17:51:50 +0200},
	Date-Modified = {2011-07-16 18:16:47 +0200},
	Title = {ROS: an open-source Robot Operating System},
	Year = {2009},
	Bdsk-File-1 = {YnBsaXN0MDDUAQIDBAUIJidUJHRvcFgkb2JqZWN0c1gkdmVyc2lvblkkYXJjaGl2ZXLRBgdUcm9vdIABqAkKFRYXGyIjVSRudWxs0wsMDQ4RFFpOUy5vYmplY3RzV05TLmtleXNWJGNsYXNzog8QgASABqISE4ACgAOAB1lhbGlhc0RhdGFccmVsYXRpdmVQYXRo0hgNGRpXTlMuZGF0YU8RAe4AAAAAAe4AAgAADE1hY2ludG9zaCBIRAAAAAAAAAAAAAAAAAAAAMarmBZIKwAABt7pahhxdWlnbGV5LWljcmEyMDA5LXJvcy5wZGYAAAAAAAAAAAAAAAAAAAAAAAAAAAAAAAAAAAAAAAAAAAAAAAAAAAAG38F2ykh73AAAAAAAAAAAAAEAAwAACSAAAAAAAAAAAAAAAAAAAAAFcGFwZXIAABAACAAAxqt79gAAABEACAAAykhfvAAAAAEAIAbe6WoG0wZwBtL5zAYDIwsGAyMIAAnoZwAJOOIAAJDnAAIAWU1hY2ludG9zaCBIRDpVc2VyczpyaW1lc2ltZTpTdHVkaXVtOjExMTEgU1M6QkE6cmVwbzp0aGVzaXM6cGFwZXI6cXVpZ2xleS1pY3JhMjAwOS1yb3MucGRmAAAOADIAGABxAHUAaQBnAGwAZQB5AC0AaQBjAHIAYQAyADAAMAA5AC0AcgBvAHMALgBwAGQAZgAPABoADABNAGEAYwBpAG4AdABvAHMAaAAgAEgARAASAEx1c2Vycy9yaW1lc2ltZS9TdHVkaXVtLzExMTEgU1MvQkEvcmVwby90aGVzaXMvcGFwZXIvcXVpZ2xleS1pY3JhMjAwOS1yb3MucGRmABMAAS8AABUAAgAP//8AAIAF0hwdHh9YJGNsYXNzZXNaJGNsYXNzbmFtZaMfICFdTlNNdXRhYmxlRGF0YVZOU0RhdGFYTlNPYmplY3RfEB5wYXBlci9xdWlnbGV5LWljcmEyMDA5LXJvcy5wZGbSHB0kJaIlIVxOU0RpY3Rpb25hcnkSAAGGoF8QD05TS2V5ZWRBcmNoaXZlcgAIABEAFgAfACgAMgA1ADoAPABFAEsAUgBdAGUAbABvAHEAcwB2AHgAegB8AIYAkwCYAKACkgKUApkCogKtArECvwLGAs8C8AL1AvgDBQMKAAAAAAAAAgEAAAAAAAAAKAAAAAAAAAAAAAAAAAAAAxw=}}

@misc{online:pointcloud2,
	Date-Modified = {2011-07-24 14:44:54 +0200},
	Howpublished = {\url{http://www.ros.org/doc/api/sensor_msgs/html/msg/PointCloud2.html}},
	Month = jul,
	Title = {PointCloud2 Message},
	Year = {2011}}
